@article{Konar:2019vhj,
    author = "Konar, Sushan and Deka, Uddeepta",
    title = "{Radio Pulsar Sub-Populations (I) : The Curious Case of Nulling Pulsars}",
    eprint = "1908.07681",
    archivePrefix = "arXiv",
    primaryClass = "astro-ph.HE",
    doi = "10.1007/s12036-019-9608-z",
    journal = "J. Astrophys. Astron.",
    volume = "40",
    number = "5",
    pages = "42",
    year = "2019"
}

@article{Deka:2024ecp,
    author = "Deka, Uddeepta and Chakraborty, Sumanta and Kapadia, Shasvath J. and Shaikh, Md Arif and Ajith, Parameswaran",
    title = "{Probing black hole charge with gravitational microlensing of gravitational waves}",
    eprint = "2401.06553",
    archivePrefix = "arXiv",
    primaryClass = "gr-qc",
    month = "1",
    year = "2024"
}